@article{reinhardPhoto,
 author = {Erik Reinhard and Michael Stark and Peter Shirley and James Ferwerda},
 title = {Photographic tone reproduction for digital images},
 journal = {ACM Trans. Graph.},
 volume = {21},
 number = {3},
 year = {2002},
 issn = {0730-0301},
 pages = {267--276},
 doi = {http://doi.acm.org/10.1145/566654.566575},
 publisher = {ACM Press},
 address = {New York, NY, USA},
 }
@misc{ hdrTexturing,
author = "Persson, Emil",
title = "{HDR} Texturing - {ATI} Tecnologies, Inc.",
year = "2007" }

@article{reinhardParamEstimation,
 author = {Erik Reinhard},
 title = {Parameter estimation for photographic tone reproduction},
 journal = {J. Graph. Tools},
 volume = {7},
 number = {1},
 year = {2002},
 issn = {1086-7651},
 pages = {45--52},
 publisher = {A. K. Peters, Ltd.},
 address = {Natick, MA, USA},
 }

@misc{ lab,
       author = "Johansson, G. and Nilsson, O. and S{\"{o}}derstr{\"{o}}m, A.",
       title = "Fluid Simulation",
       year = "2007" }

@book{Osher2003,
      AUTHOR      = {Osher, Stanley and Fedkiw, Ronald},
      TITLE       = {Level set methods and dynamic implicit surfaces},
      YEAR        = {2003},
      PUBLISHER   = {Springer},
      ISBN			= {0-387-95482-1},
 }
@book{opengl-orange-book,
	author = {Rost, Randi  J. },
	citeulike-article-id = {635696},
	howpublished = {Paperback},
	isbn = {0321334892},
	keywords = {opengl shading-language},
	month = {January},
	priority = {0},
	publisher = {Addison-Wesley Professional},
	title = {OpenGL(R) Shading Language (2nd Edition)},
	year = {2006}
}
